<?xml version="1.0" encoding="UTF-8"?><collection xmlns="http://www.loc.gov/MARC21/slim"><record><leader>00397nam--2200133-i-4500</leader><controlfield tag="001">000038223</controlfield><controlfield tag="002">20161230</controlfield><controlfield tag="005">20161230201041</controlfield><controlfield tag="008">060222s1000------------r-----000-0-eng-d</controlfield><datafield ind1=" " ind2=" " tag="080"><subfield code="a">621.375.826</subfield></datafield><datafield ind1=" " ind2=" " tag="100"><subfield code="a">Reilly, James P</subfield></datafield><datafield ind1=" " ind2=" " tag="245"><subfield code="a">Focusing experiments with a high power n2/co2 laser</subfield></datafield><datafield ind1=" " ind2=" " tag="260"><subfield code="a">Arlington, Virginia, Office Of Naval Research, Departement Of The Navy, 1971, 25p</subfield></datafield><datafield ind1=" " ind2=" " tag="852"><subfield code="a">37596</subfield></datafield></record></collection>